Transaction_ID,Transaction_Date,End of Month,Mobile_Model,Brand,Storage_Size,Color,Operating_System,Price,Units_Sold,Total_Revenue,Sales_Channel,Payment_Type,Customer_Age,Customer_Age_Group,Customer_Gender,Country,City,Latitude,Longitude
3a59ca6b-4f80-443f-9925-c6471b119fc5,1/1/2024,1/31/2024,Pixel 8a,Google,128GB,Blue,Android,534,20,10680,Online,UPI,40,34-41,Male,Pakistan,Lahore,31.5497,74.3436
45cf6d15-4c86-4367-ada7-cdb67dc97ae2,1/2/2024,1/31/2024,Pixel 8a,Google,256GB,White,Android,531,65,34515,Partner,Cash,55,50-57,Other,Pakistan,Multan,30.1575,71.5249
4053c488-2914-4b4b-add0-8b8ae200f475,1/3/2024,1/31/2024,OnePlus 11R,OnePlus,256GB,Green,Android,608,58,35264,Online,EMI,40,34-41,Female,Bangladesh,Chittagong,22.3569,91.7832
fdd350a0-77de-454d-af2d-d1533913542a,1/4/2024,1/31/2024,Redmi Note 13,Xiaomi,256GB,Green,Android,342,25,8550,Online,Credit Card,32,26-33,Female,Turkey,Bursa,40.1828,29.0665
5162e904-aa16-4967-9471-d242b21d3246,1/5/2024,1/31/2024,Z Fold 6,Samsung,128GB,Black,Android,1841,57,104937,Online,UPI,47,42-49,Female,Bangladesh,Rajshahi,24.3745,88.6042
e5fe1da0-0668-427f-bd36-e85f30bda556,1/6/2024,1/31/2024,Z Fold 6,Samsung,128GB,Black,Android,1879,35,65765,Online,EMI,27,26-33,Female,Turkey,Antalya,36.8969,30.7133
da4642e3-1c75-4406-b832-430f7cec5ff5,1/7/2024,1/31/2024,Xiaomi 14 Ultra,Xiaomi,256GB,Blue,Android,891,69,61479,Retail Store,Credit Card,64,58-65,Other,Bangladesh,Rajshahi,24.3745,88.6042
79397f68-61ed-4ea8-bcb2-f918d4e6c05b,1/8/2024,1/31/2024,OnePlus 11R,OnePlus,256GB,Blue,Android,641,85,54485,Online,Cash,32,26-33,Female,India,Pune,18.5204,73.8567
2caec01b-6e79-421c-b260-cc638113098a,1/9/2024,1/31/2024,Pixel 8a,Google,64GB,Red,Android,540,93,50220,Online,Cash,33,26-33,Female,Turkey,Istanbul,41.0082,28.9784
3949fd33-ae2e-4099-b7bb-ec0a8d0f5cc6,1/10/2024,1/31/2024,Poco X6 Pro,Xiaomi,64GB,White,Android,358,61,21838,Online,Credit Card,48,42-49,Female,Bangladesh,Dhaka,23.8103,90.4125
fe80a264-a2ac-45ae-80ea-c67c6ba9a045,1/11/2024,1/31/2024,Pixel 9,Google,128GB,Red,Android,704,82,57728,Online,EMI,48,42-49,Other,Turkey,Antalya,36.8969,30.7133
d000d275-0110-4e7c-8087-93cd96e0f30b,1/12/2024,1/31/2024,OnePlus Nord 4,OnePlus,128GB,Black,Android,556,67,37252,Online,EMI,27,26-33,Male,Bangladesh,Rajshahi,24.3745,88.6042
0d2da590-d5ac-4a38-8f0a-9c668bc549a7,1/13/2024,1/31/2024,Mi 13T Pro,Xiaomi,64GB,Blue,Android,534,77,41118,Online,Cash,60,58-65,Female,India,Delhi,28.7041,77.1025
26760d0b-ece5-48d9-906f-6511c119a434,1/14/2024,1/31/2024,Pixel 9 Pro,Google,256GB,White,Android,1053,89,93717,Online,Cash,39,34-41,Female,Turkey,Bursa,40.1828,29.0665
2e531f19-941b-4e8c-83db-16ba3e5eca52,1/15/2024,1/31/2024,OnePlus 11R,OnePlus,128GB,Green,Android,676,33,22308,Retail Store,Cash,20,18-25,Female,India,Hyderabad,17.385,78.4867
963677f8-ebd9-4a9c-a90e-a17d3c479fde,1/16/2024,1/31/2024,OnePlus Nord 4,OnePlus,128GB,White,Android,540,44,23760,Partner,Credit Card,23,18-25,Male,Bangladesh,Rajshahi,24.3745,88.6042
23dd9a36-c55f-43a3-bf42-481f3e0ee6a3,1/17/2024,1/31/2024,OnePlus 11R,OnePlus,64GB,White,Android,662,71,47002,Online,Credit Card,23,18-25,Male,India,Jaipur,26.9124,75.7873
56dbc213-6328-4647-ba24-251ee088c5d0,1/18/2024,1/31/2024,Mi 13T Pro,Xiaomi,64GB,White,Android,502,68,34136,Partner,EMI,63,58-65,Female,Turkey,Bursa,40.1828,29.0665
ed544e0a-5f6d-4e30-aa78-0182fa0d2d59,1/19/2024,1/31/2024,Poco X6 Pro,Xiaomi,256GB,Red,Android,350,8,2800,Online,UPI,44,42-49,Other,Turkey,Izmir,38.4192,27.1287
b563bdbe-055d-41a8-8cea-06be0db9c82c,1/20/2024,1/31/2024,OnePlus 12 Pro,OnePlus,128GB,Red,Android,852,75,63900,Online,Cash,29,26-33,Female,Turkey,Istanbul,41.0082,28.9784
1729d815-4872-4db8-8a06-527cab9b72db,1/21/2024,1/31/2024,OnePlus Nord 4,OnePlus,64GB,Blue,Android,579,90,52110,Online,Credit Card,47,42-49,Female,India,Kolkata,22.5726,88.3639
b9c9fb79-ae15-4b97-a439-12327ad25869,1/22/2024,1/31/2024,OnePlus 11R,OnePlus,128GB,Red,Android,697,87,60639,Retail Store,EMI,63,58-65,Male,Turkey,Ankara,39.9334,32.8597
b41b7729-d5b4-447d-a723-5f1113e834f8,1/23/2024,1/31/2024,iPhone 14 Pro,Apple,256GB,Blue,iOS,1002,64,64128,Partner,Credit Card,57,50-57,Other,Bangladesh,Dhaka,23.8103,90.4125
75b69bdf-bcfa-45ec-bb34-0edfaa0f1b60,1/24/2024,1/31/2024,Xiaomi 14 Ultra,Xiaomi,128GB,Black,Android,824,88,72512,Online,Cash,42,42-49,Female,Turkey,Ankara,39.9334,32.8597
37771a5c-d5e6-45a2-962a-1ffed462104b,1/25/2024,1/31/2024,OnePlus Nord 4,OnePlus,64GB,Green,Android,567,92,52164,Online,Cash,31,26-33,Male,Turkey,Bursa,40.1828,29.0665
54397aec-2cd9-435d-b4a1-4d8bcdb84e63,1/26/2024,1/31/2024,OnePlus 11R,OnePlus,256GB,White,Android,672,93,62496,Online,Credit Card,42,42-49,Male,Turkey,Ankara,39.9334,32.8597
5e89e980-d3c1-47ef-9fd4-c2117f5d3baa,1/27/2024,1/31/2024,iPhone 14 Pro,Apple,256GB,Blue,iOS,1059,54,57186,Retail Store,EMI,24,18-25,Female,Turkey,Bursa,40.1828,29.0665
a5efebcf-37a6-4ffc-81bc-46cf09be659c,1/28/2024,1/31/2024,Mi 13T Pro,Xiaomi,256GB,Blue,Android,533,13,6929,Retail Store,Cash,22,18-25,Female,India,Delhi,28.7041,77.1025
5de8606b-2499-44f9-b3fa-eaf96fcf7a92,1/29/2024,1/31/2024,Pixel 9,Google,128GB,Blue,Android,737,54,39798,Online,UPI,26,26-33,Female,Bangladesh,Khulna,22.8456,89.5403
5715966f-620a-44f4-b08d-9c444264c4c1,1/30/2024,1/31/2024,OnePlus 11R,OnePlus,256GB,Black,Android,699,39,27261,Online,Cash,29,26-33,Female,Turkey,Antalya,36.8969,30.7133
c07fff34-92b2-42e0-982b-6dd160b071e1,1/31/2024,1/31/2024,Pixel 8a,Google,64GB,Red,Android,533,90,47970,Partner,EMI,51,50-57,Female,Turkey,Izmir,38.4192,27.1287
e79fd7c4-7c9f-4995-9c91-5c2e8b75a1f9,2/1/2024,2/29/2024,Z Fold 6,Samsung,256GB,Red,Android,1834,28,51352,Partner,Credit Card,32,26-33,Other,Turkey,Istanbul,41.0082,28.9784
ed375851-0745-4782-b208-7e4a575211a2,2/2/2024,2/29/2024,Galaxy S25 Ultra,Samsung,128GB,Red,Android,1293,2,2586,Retail Store,Cash,36,34-41,Female,India,Pune,18.5204,73.8567
86b4c985-83c7-4c66-80d6-1922b43ba99a,2/3/2024,2/29/2024,iPhone 14 Pro,Apple,64GB,Green,iOS,1021,94,95974,Retail Store,Cash,55,50-57,Female,Bangladesh,Sylhet,24.8949,91.8687
bcbeb5c0-da1b-4aa1-9178-695252ff6b03,2/4/2024,2/29/2024,Galaxy M15,Samsung,128GB,Green,Android,362,52,18824,Retail Store,Cash,30,26-33,Male,India,Bangalore,12.9716,77.5946
b0bf3c70-7bb3-4514-92f7-e752db4def1b,2/5/2024,2/29/2024,Galaxy S25 Ultra,Samsung,128GB,Green,Android,1269,78,98982,Partner,UPI,47,42-49,Female,India,Pune,18.5204,73.8567
1b246f4b-b8b3-4cec-b801-bde2d1987509,2/6/2024,2/29/2024,OnePlus 12 Pro,OnePlus,128GB,Blue,Android,854,37,31598,Online,Credit Card,44,42-49,Male,Turkey,Izmir,38.4192,27.1287
9f823c66-7d39-4597-a23c-89bf64dd48d8,2/7/2024,2/29/2024,Galaxy M15,Samsung,64GB,Blue,Android,367,51,18717,Online,EMI,18,18-25,Male,India,Pune,18.5204,73.8567
11e783a0-e4d8-4399-9ce6-0049fdab62c6,2/8/2024,2/29/2024,iPhone 15,Apple,128GB,White,iOS,823,86,70778,Retail Store,Cash,28,26-33,Other,India,Lucknow,26.8467,80.9462
5715966f-620a-44f4-b08d-9c444264c4c1,2/9/2024,2/29/2024,OnePlus 11R,OnePlus,256GB,Black,Android,699,39,27261,Online,Cash,29,26-33,Female,Turkey,Antalya,36.8969,30.7133
d830c382-2f68-4f61-aa3a-8e32120a4d2e,2/10/2024,2/29/2024,iPhone 15 Pro,Apple,64GB,White,iOS,1134,54,61236,Online,EMI,27,26-33,Male,Turkey,Bursa,40.1828,29.0665
5c5b6e7d-4a0c-42b5-b36c-eb914ae09e95,2/11/2024,2/29/2024,iPhone 14,Apple,256GB,Black,iOS,885,29,25665,Retail Store,UPI,53,50-57,Male,India,Chennai,13.0827,80.2707
15e2798f-e227-4f4e-b061-b147a35b3f94,2/12/2024,2/29/2024,Poco X6 Pro,Xiaomi,64GB,Black,Android,358,5,1790,Retail Store,UPI,46,42-49,Male,Turkey,Izmir,38.4192,27.1287
addad3bd-167b-419c-9cfe-9af6ca953e33,2/13/2024,2/29/2024,Z Fold 6,Samsung,128GB,Green,Android,1845,81,149445,Online,EMI,27,26-33,Female,Turkey,Bursa,40.1828,29.0665
be62bbce-ff3d-4faf-a943-1c5163ea0d7f,2/14/2024,2/29/2024,Galaxy S25 Ultra,Samsung,64GB,White,Android,1277,6,7662,Partner,EMI,40,34-41,Female,Turkey,Bursa,40.1828,29.0665
054b42a7-02d8-42c5-bd34-8faaa0ab2b38,2/15/2024,2/29/2024,OnePlus 12 Pro,OnePlus,256GB,Green,Android,821,69,56649,Retail Store,UPI,36,34-41,Female,Turkey,Istanbul,41.0082,28.9784
45d2ad88-0e27-477f-9a74-3990ebd65838,2/16/2024,2/29/2024,Galaxy M15,Samsung,256GB,Red,Android,321,55,17655,Online,Credit Card,33,26-33,Female,India,Jaipur,26.9124,75.7873
5e537142-c36f-4264-aa25-93c69f79c26d,2/17/2024,2/29/2024,Galaxy S25 Ultra,Samsung,256GB,White,Android,1208,75,90600,Retail Store,EMI,44,42-49,Female,India,Kolkata,22.5726,88.3639
7b5b9b49-eb1e-4e24-b2d3-658e50001acb,2/18/2024,2/29/2024,Pixel 9,Google,256GB,Green,Android,757,1,757,Retail Store,Credit Card,22,18-25,Female,Turkey,Bursa,40.1828,29.0665
c8220362-d66a-4c81-b972-9619934627c3,2/19/2024,2/29/2024,Galaxy S25 Ultra,Samsung,256GB,Green,Android,1207,51,61557,Retail Store,UPI,55,50-57,Male,Turkey,Antalya,36.8969,30.7133
05dc416c-5c87-4726-88bb-c3f02350f9d4,2/20/2024,2/29/2024,Pixel 9 Pro,Google,64GB,Black,Android,1061,88,93368,Online,EMI,63,58-65,Female,India,Jaipur,26.9124,75.7873
8a020b59-0bf5-4548-8b12-0380b5d1a25f,2/21/2024,2/29/2024,iPhone 14,Apple,64GB,White,iOS,856,33,28248,Partner,UPI,31,26-33,Female,Turkey,Izmir,38.4192,27.1287
a6189201-53f2-4ff9-840c-f8eaaa812c96,2/22/2024,2/29/2024,Galaxy S25 Ultra,Samsung,128GB,Black,Android,1248,4,4992,Retail Store,EMI,35,34-41,Male,India,Hyderabad,17.385,78.4867
1687bec4-ccc8-4abe-81d1-d3c34ceb1b5f,2/23/2024,2/29/2024,Z Fold 6,Samsung,256GB,Red,Android,1858,17,31586,Online,EMI,27,26-33,Female,Bangladesh,Khulna,22.8456,89.5403
2d8c5839-74ea-42ab-9ba7-3f96d96efd87,2/24/2024,2/29/2024,Galaxy A55,Samsung,256GB,Blue,Android,422,29,12238,Online,UPI,48,42-49,Male,India,Pune,18.5204,73.8567
d40764e9-e423-40da-bee9-6d0f484d2575,2/25/2024,2/29/2024,Galaxy S25 Ultra,Samsung,64GB,Red,Android,1204,88,105952,Online,UPI,25,18-25,Female,Pakistan,Rawalpindi,33.5651,73.0169
7ebd3c9c-21a9-48d4-802b-50b2ae3d74e6,2/26/2024,2/29/2024,OnePlus 12 Pro,OnePlus,256GB,Green,Android,895,83,74285,Online,Credit Card,40,34-41,Male,India,Chennai,13.0827,80.2707
b5769cb1-6eb2-4fd0-94ba-3b64b6991c7e,2/27/2024,2/29/2024,Pixel 9 Pro,Google,256GB,Black,Android,1040,69,71760,Retail Store,EMI,54,50-57,Other,India,Bangalore,12.9716,77.5946
4160d472-4d0f-4a59-86b8-86e297bc6dec,2/28/2024,2/29/2024,iPhone 15 Pro,Apple,256GB,Red,iOS,1131,26,29406,Retail Store,EMI,41,34-41,Female,Turkey,Antalya,36.8969,30.7133
78956e9d-222f-40a4-9ea2-499b738e6a00,2/29/2024,2/29/2024,Poco X6 Pro,Xiaomi,64GB,Black,Android,397,81,32157,Retail Store,EMI,23,18-25,Male,Bangladesh,Sylhet,24.8949,91.8687
c390e049-3c4f-4b58-ad23-f52c64d7768f,3/1/2024,3/31/2024,Pixel 9,Google,64GB,Blue,Android,770,91,70070,Retail Store,Cash,64,58-65,Male,India,Kolkata,22.5726,88.3639
71e5519b-ebcd-4ae6-8c37-165aa0b2e39e,3/2/2024,3/31/2024,Z Fold 6,Samsung,128GB,White,Android,1856,62,115072,Online,UPI,36,34-41,Female,Turkey,Bursa,40.1828,29.0665
ee1a4d2e-f425-4fae-8400-b4c76d7d0175,3/3/2024,3/31/2024,iPhone 15 Pro,Apple,256GB,Green,iOS,1142,4,4568,Partner,Cash,27,26-33,Male,India,Jaipur,26.9124,75.7873
b563bdbe-055d-41a8-8cea-06be0db9c82c,3/4/2024,3/31/2024,OnePlus 12 Pro,OnePlus,128GB,Red,Android,852,75,63900,Online,Cash,29,26-33,Female,Turkey,Istanbul,41.0082,28.9784
5633dd9e-0ad3-455e-8b00-7236c2379e1b,3/5/2024,3/31/2024,Pixel 9 Pro,Google,128GB,Black,Android,1059,68,72012,Online,Credit Card,47,42-49,Male,India,Bangalore,12.9716,77.5946
8201d6e3-4f18-4911-9b28-c50627fd1640,3/6/2024,3/31/2024,OnePlus 11R,OnePlus,128GB,Blue,Android,689,89,61321,Online,EMI,51,50-57,Male,India,Bangalore,12.9716,77.5946
a01cf58f-776a-44aa-9bf0-acb2e791bf54,3/7/2024,3/31/2024,iPhone SE,Apple,128GB,Green,iOS,456,9,4104,Online,EMI,21,18-25,Female,Turkey,Ankara,39.9334,32.8597
de89421a-9aaa-4405-ac88-1a9cf27e759e,3/8/2024,3/31/2024,Pixel 9 Pro,Google,128GB,Green,Android,1062,68,72216,Partner,Credit Card,62,58-65,Female,Turkey,Bursa,40.1828,29.0665
d09c0b41-1402-4356-9862-1037a36dff3c,3/9/2024,3/31/2024,iPhone 15 Pro,Apple,64GB,Green,iOS,1106,71,78526,Online,Cash,33,26-33,Male,India,Chennai,13.0827,80.2707
9c051b08-07fc-4255-9718-ccd7086ebcdf,3/10/2024,3/31/2024,Galaxy M15,Samsung,64GB,Blue,Android,315,17,5355,Online,EMI,44,42-49,Male,Turkey,Izmir,38.4192,27.1287
fdd350a0-77de-454d-af2d-d1533913542a,3/11/2024,3/31/2024,Redmi Note 13,Xiaomi,256GB,Green,Android,342,25,8550,Online,Credit Card,32,26-33,Female,Turkey,Bursa,40.1828,29.0665
32632594-2755-431f-a699-fa2be10a3e10,3/12/2024,3/31/2024,Z Fold 6,Samsung,64GB,Red,Android,1799,13,23387,Online,EMI,43,42-49,Female,India,Lucknow,26.8467,80.9462
fa428d4b-c6e6-4892-a985-73db52035660,3/13/2024,3/31/2024,iPhone SE,Apple,256GB,Red,iOS,438,85,37230,Online,EMI,44,42-49,Female,Turkey,Istanbul,41.0082,28.9784
ab65afba-2bee-46a3-8b23-fda5f5d18601,3/14/2024,3/31/2024,Poco X6 Pro,Xiaomi,256GB,Blue,Android,351,19,6669,Partner,Cash,41,34-41,Female,India,Jaipur,26.9124,75.7873
01ba7cfd-dc66-4825-9d40-3575f752c1cc,3/15/2024,3/31/2024,Galaxy S25 Ultra,Samsung,256GB,White,Android,1206,60,72360,Online,UPI,59,58-65,Female,India,Chennai,13.0827,80.2707
279ece16-2767-4f56-badd-d5a9b2b86bd6,3/16/2024,3/31/2024,Mi 13T Pro,Xiaomi,256GB,Green,Android,544,30,16320,Partner,Credit Card,38,34-41,Female,Turkey,Bursa,40.1828,29.0665
fb5ffb84-dd00-41a7-943d-a224c201e241,3/17/2024,3/31/2024,Pixel 9,Google,256GB,Red,Android,760,97,73720,Partner,Cash,64,58-65,Female,India,Jaipur,26.9124,75.7873
f26a4e4f-7e9e-481e-a594-fede2d967ec5,3/18/2024,3/31/2024,iPhone 14,Apple,64GB,Blue,iOS,884,29,25636,Retail Store,Cash,37,34-41,Female,India,Ahmedabad,23.0225,72.5714
0c84d254-8e66-4a1b-bf6f-7e069ebb719a,3/19/2024,3/31/2024,iPhone 14,Apple,256GB,Black,iOS,811,74,60014,Online,Cash,23,18-25,Female,India,Chennai,13.0827,80.2707
87a77bc0-8fa3-4742-a85c-8d2a9cbf0c85,3/20/2024,3/31/2024,Galaxy A55,Samsung,128GB,Red,Android,425,59,25075,Online,UPI,26,26-33,Female,India,Pune,18.5204,73.8567
975ab0fa-e6eb-4085-8619-fac496030deb,3/21/2024,3/31/2024,iPhone 15,Apple,128GB,Blue,iOS,829,59,48911,Online,Credit Card,26,26-33,Male,India,Kolkata,22.5726,88.3639
d000d275-0110-4e7c-8087-93cd96e0f30b,3/22/2024,3/31/2024,OnePlus Nord 4,OnePlus,128GB,Black,Android,556,67,37252,Online,EMI,27,26-33,Male,Bangladesh,Rajshahi,24.3745,88.6042
39cd6582-9d4e-43be-b947-8799850d58f0,3/23/2024,3/31/2024,Pixel 9,Google,64GB,Green,Android,777,3,2331,Retail Store,EMI,32,26-33,Female,Bangladesh,Chittagong,22.3569,91.7832
256cf9e1-cd77-4145-951b-d92e44d00cf3,3/24/2024,3/31/2024,Pixel 9 Pro,Google,256GB,Red,Android,1017,25,25425,Online,Credit Card,22,18-25,Female,Turkey,Antalya,36.8969,30.7133
531d046b-c78e-4775-92ef-f4f69901107b,3/25/2024,3/31/2024,OnePlus 11R,OnePlus,128GB,White,Android,668,43,28724,Online,Credit Card,42,42-49,Male,India,Hyderabad,17.385,78.4867
601240e1-e950-441e-96cf-bd7b737a679c,3/26/2024,3/31/2024,Z Fold 6,Samsung,256GB,White,Android,1873,19,35587,Retail Store,Credit Card,57,50-57,Other,India,Jaipur,26.9124,75.7873
f5598f5d-a410-4953-aa55-f02c4206c890,3/27/2024,3/31/2024,Mi 13T Pro,Xiaomi,256GB,Green,Android,513,40,20520,Online,Cash,32,26-33,Female,Turkey,Ankara,39.9334,32.8597
7d4ca499-dae4-4596-840a-8febe483356a,3/28/2024,3/31/2024,Pixel 8a,Google,256GB,White,Android,541,32,17312,Online,UPI,51,50-57,Female,Bangladesh,Khulna,22.8456,89.5403
d7a13904-cd44-4c3f-ba09-3f9928ac3295,3/29/2024,3/31/2024,Galaxy A55,Samsung,128GB,Blue,Android,454,3,1362,Online,UPI,28,26-33,Female,Turkey,Bursa,40.1828,29.0665
07d2b6a9-3e14-400a-be8a-78a04561b012,3/30/2024,3/31/2024,Z Fold 6,Samsung,128GB,White,Android,1810,20,36200,Retail Store,Cash,48,42-49,Female,India,Lucknow,26.8467,80.9462
270eb8a0-d199-4342-9e33-5c456f79e2cc,3/31/2024,3/31/2024,Xiaomi 14 Ultra,Xiaomi,256GB,Black,Android,805,19,15295,Retail Store,UPI,30,26-33,Female,India,Delhi,28.7041,77.1025
b0a25cb1-9098-4721-9c6d-f4da0b93d7d0,4/1/2024,4/30/2024,Redmi Note 13,Xiaomi,256GB,White,Android,326,66,21516,Retail Store,Cash,43,42-49,Other,India,Lucknow,26.8467,80.9462
dc467662-2188-455e-b885-a74bec8d04d0,4/2/2024,4/30/2024,iPhone SE,Apple,256GB,Green,iOS,456,93,42408,Online,Cash,56,50-57,Male,Bangladesh,Sylhet,24.8949,91.8687
13814056-0d13-4b0d-9f3a-4fdbe56970e8,4/3/2024,4/30/2024,OnePlus 11R,OnePlus,256GB,Green,Android,634,84,53256,Online,UPI,61,58-65,Male,India,Bangalore,12.9716,77.5946
6848fd52-ccbd-4bfb-8ddf-349698439e7b,4/4/2024,4/30/2024,OnePlus Nord 4,OnePlus,256GB,Red,Android,573,45,25785,Online,Credit Card,19,18-25,Female,Turkey,Antalya,36.8969,30.7133
fe824ec3-d1da-41d6-b48c-f456b64553cd,4/5/2024,4/30/2024,Redmi Note 13,Xiaomi,128GB,White,Android,323,65,20995,Online,Cash,38,34-41,Male,India,Kolkata,22.5726,88.3639
4a8d009b-8efd-43bd-b7e5-fcce1a070a22,4/6/2024,4/30/2024,OnePlus Nord 4,OnePlus,256GB,Blue,Android,501,54,27054,Partner,EMI,46,42-49,Male,India,Delhi,28.7041,77.1025
d3007fd2-b6fc-4d81-9b85-8b6d5acedf5f,4/7/2024,4/30/2024,Mi 13T Pro,Xiaomi,64GB,Blue,Android,518,61,31598,Online,Credit Card,18,18-25,Female,Bangladesh,Dhaka,23.8103,90.4125
c28cafd9-08a6-4a72-8a89-b05d82993315,4/8/2024,4/30/2024,Galaxy M15,Samsung,64GB,Blue,Android,398,21,8358,Online,UPI,62,58-65,Female,Turkey,Antalya,36.8969,30.7133
58bebb33-c6cf-47e0-9ad7-156735a68caf,4/9/2024,4/30/2024,Pixel 9,Google,256GB,White,Android,735,28,20580,Partner,Credit Card,38,34-41,Male,Turkey,Antalya,36.8969,30.7133
474c5755-50a8-4bee-9af3-e8df247d3769,4/10/2024,4/30/2024,iPhone 14 Pro,Apple,64GB,White,iOS,1032,9,9288,Retail Store,Credit Card,26,26-33,Male,India,Delhi,28.7041,77.1025
784b0c63-1eb4-42bf-a8e1-de0d1f9bbbb2,4/11/2024,4/30/2024,OnePlus 12 Pro,OnePlus,64GB,Blue,Android,875,80,70000,Online,Credit Card,60,58-65,Male,Turkey,Izmir,38.4192,27.1287
00c4011d-0798-4dcd-ba4f-5d7fbbcdc9e5,4/12/2024,4/30/2024,iPhone 15,Apple,128GB,Black,iOS,872,54,47088,Online,UPI,55,50-57,Male,India,Mumbai,19.076,72.8777
43f15613-86fd-4e47-b9eb-ab3624e4fe22,4/13/2024,4/30/2024,iPhone 15 Pro,Apple,64GB,White,iOS,1160,49,56840,Partner,Cash,39,34-41,Female,Turkey,Antalya,36.8969,30.7133
7da7de95-f772-4cc2-bce0-b0873f98233e,4/14/2024,4/30/2024,Galaxy A55,Samsung,256GB,Black,Android,442,79,34918,Retail Store,UPI,46,42-49,Female,Bangladesh,Chittagong,22.3569,91.7832
03b65910-37b4-402c-b17c-6fbe0ccd37dc,4/15/2024,4/30/2024,Pixel 9,Google,256GB,Blue,Android,782,23,17986,Online,EMI,33,26-33,Male,Turkey,Istanbul,41.0082,28.9784
eac79ee6-e787-48df-96a4-ea6b11fd5aa6,4/16/2024,4/30/2024,Galaxy M15,Samsung,128GB,Blue,Android,375,19,7125,Partner,Cash,33,26-33,Female,Turkey,Bursa,40.1828,29.0665
f6911e69-8a1f-4cf0-ad51-e80918c55a81,4/17/2024,4/30/2024,OnePlus Nord 4,OnePlus,64GB,White,Android,584,21,12264,Retail Store,Credit Card,38,34-41,Female,India,Delhi,28.7041,77.1025
077487a5-61c4-4f29-bd88-49901d7b47e7,4/18/2024,4/30/2024,Xiaomi 14 Ultra,Xiaomi,128GB,Blue,Android,837,83,69471,Retail Store,Cash,41,34-41,Female,Pakistan,Karachi,24.8607,67.0011
835823d7-b24b-4420-848f-324c3de8e5c3,4/19/2024,4/30/2024,Pixel 8a,Google,64GB,Black,Android,547,3,1641,Partner,Credit Card,32,26-33,Female,Turkey,Izmir,38.4192,27.1287
592eb398-a865-4282-8a8c-ee125cae45aa,4/20/2024,4/30/2024,Pixel 9,Google,256GB,White,Android,741,73,54093,Retail Store,UPI,22,18-25,Other,Turkey,Istanbul,41.0082,28.9784
ac8bf7a8-fb2b-41f7-a0fa-53272d7bf4b9,4/21/2024,4/30/2024,iPhone 14,Apple,64GB,Blue,iOS,836,66,55176,Online,Credit Card,49,42-49,Male,India,Lucknow,26.8467,80.9462
5759b023-dd6f-4b24-8acf-e8859b3eaab3,4/22/2024,4/30/2024,Pixel 9 Pro,Google,128GB,White,Android,1036,69,71484,Retail Store,UPI,44,42-49,Other,Bangladesh,Dhaka,23.8103,90.4125
d3e82026-2084-40f2-8d5d-d2a94a198af9,4/23/2024,4/30/2024,Pixel 9,Google,256GB,Black,Android,725,79,57275,Retail Store,EMI,44,42-49,Female,India,Hyderabad,17.385,78.4867
746e2d69-e2f6-4a37-8315-8f5443a85e7d,4/24/2024,4/30/2024,Pixel 9 Pro,Google,128GB,Green,Android,1017,68,69156,Partner,Credit Card,54,50-57,Male,India,Chennai,13.0827,80.2707
bca07c20-5f33-4f80-9b7c-e5c8cfea85d4,4/25/2024,4/30/2024,Mi 13T Pro,Xiaomi,128GB,Blue,Android,509,16,8144,Retail Store,Cash,38,34-41,Male,Bangladesh,Sylhet,24.8949,91.8687
87ec627a-e951-47c9-b9bb-b50a1b83771b,4/26/2024,4/30/2024,Redmi Note 13,Xiaomi,128GB,Black,Android,335,58,19430,Retail Store,UPI,39,34-41,Female,India,Mumbai,19.076,72.8777
07fa81d5-6de5-480f-a74c-447d1dafd82b,4/27/2024,4/30/2024,Pixel 8a,Google,128GB,Red,Android,521,14,7294,Online,Credit Card,34,34-41,Female,India,Chennai,13.0827,80.2707
f434cbf9-a064-4fd2-a315-84ae804bb6e3,4/28/2024,4/30/2024,iPhone SE,Apple,256GB,Red,iOS,450,43,19350,Online,UPI,36,34-41,Female,India,Bangalore,12.9716,77.5946
fd677e01-2fe0-41dc-8125-28ac13e93ea1,4/29/2024,4/30/2024,iPhone 14,Apple,128GB,White,iOS,803,49,39347,Partner,Credit Card,46,42-49,Female,Turkey,Bursa,40.1828,29.0665
2e81bb66-267c-4e18-925d-082798a1180f,4/30/2024,4/30/2024,iPhone 15,Apple,128GB,Blue,iOS,828,68,56304,Online,Credit Card,64,58-65,Male,Bangladesh,Chittagong,22.3569,91.7832
c1dd718f-8c25-47a9-bc37-5dd6c767199e,5/1/2024,5/31/2024,iPhone 15 Pro,Apple,64GB,White,iOS,1127,85,95795,Retail Store,EMI,19,18-25,Male,Bangladesh,Khulna,22.8456,89.5403
0371e9b9-a363-4279-a3c0-f94aaa231c35,5/2/2024,5/31/2024,OnePlus 12 Pro,OnePlus,256GB,Red,Android,873,8,6984,Online,Credit Card,49,42-49,Female,Turkey,Bursa,40.1828,29.0665
12f7ac32-9063-4ae5-a122-385b06ba77af,5/3/2024,5/31/2024,iPhone 15,Apple,64GB,White,iOS,880,84,73920,Online,UPI,20,18-25,Male,India,Chennai,13.0827,80.2707
06cbf9e5-391e-4727-a5b0-24c93b3f88df,5/4/2024,5/31/2024,iPhone 15,Apple,64GB,Black,iOS,821,93,76353,Retail Store,UPI,25,18-25,Male,Turkey,Antalya,36.8969,30.7133
73a33eac-425b-4f9a-b864-0ace26cf641e,5/5/2024,5/31/2024,OnePlus 12 Pro,OnePlus,256GB,Green,Android,838,51,42738,Online,UPI,19,18-25,Male,India,Pune,18.5204,73.8567
db6a7b80-0a20-471d-a347-64148616a34c,5/6/2024,5/31/2024,Pixel 8a,Google,64GB,Green,Android,540,25,13500,Online,Credit Card,64,58-65,Male,Bangladesh,Rajshahi,24.3745,88.6042
fa428d4b-c6e6-4892-a985-73db52035660,5/7/2024,5/31/2024,iPhone SE,Apple,256GB,Red,iOS,438,85,37230,Online,EMI,44,42-49,Female,Turkey,Istanbul,41.0082,28.9784
f697038c-e26d-43b8-beae-3824a4242583,5/8/2024,5/31/2024,Pixel 8a,Google,256GB,Green,Android,520,62,32240,Retail Store,Credit Card,21,18-25,Female,Bangladesh,Khulna,22.8456,89.5403
8084578e-c7f4-4a77-9177-22e62a1f2ebf,5/9/2024,5/31/2024,OnePlus 11R,OnePlus,128GB,Red,Android,669,54,36126,Partner,Cash,43,42-49,Female,India,Ahmedabad,23.0225,72.5714
f697038c-e26d-43b8-beae-3824a4242583,5/10/2024,5/31/2024,Pixel 8a,Google,256GB,Green,Android,520,62,32240,Retail Store,Credit Card,21,18-25,Female,Bangladesh,Khulna,22.8456,89.5403
fd6868d4-24fe-46d6-afba-bebbbf09061e,5/11/2024,5/31/2024,Poco X6 Pro,Xiaomi,128GB,Red,Android,395,47,18565,Partner,Cash,34,34-41,Male,Turkey,Antalya,36.8969,30.7133
cbba6938-6721-4ed9-b465-94612dbbc6ab,5/12/2024,5/31/2024,OnePlus Nord 4,OnePlus,256GB,Black,Android,569,64,36416,Online,Credit Card,27,26-33,Male,Turkey,Izmir,38.4192,27.1287
b7181ee7-e3d8-4401-bf0e-c220833d444f,5/13/2024,5/31/2024,Redmi Note 13,Xiaomi,64GB,Black,Android,340,6,2040,Online,EMI,26,26-33,Other,Turkey,Antalya,36.8969,30.7133
9a9a2ad8-8243-41ac-93cc-c179ea2af34c,5/14/2024,5/31/2024,Mi 13T Pro,Xiaomi,64GB,Red,Android,528,16,8448,Online,EMI,29,26-33,Female,Turkey,Izmir,38.4192,27.1287
e41b3943-d8e1-4208-9df5-af3f34b2c70e,5/15/2024,5/31/2024,iPhone 15 Pro,Apple,256GB,White,iOS,1167,38,44346,Online,Credit Card,36,34-41,Other,Turkey,Ankara,39.9334,32.8597
75d025b3-f4e0-4634-af53-2498cae1e486,5/16/2024,5/31/2024,Poco X6 Pro,Xiaomi,128GB,Blue,Android,362,75,27150,Online,Cash,32,26-33,Female,Turkey,Bursa,40.1828,29.0665
39b83ab9-ba07-4744-a3ec-180a86314e4a,5/17/2024,5/31/2024,iPhone 15 Pro,Apple,128GB,Green,iOS,1186,33,39138,Online,Cash,30,26-33,Female,India,Ahmedabad,23.0225,72.5714
6f0c7e6b-bafc-4b7f-aec1-931619bd777c,5/18/2024,5/31/2024,iPhone 14,Apple,256GB,Blue,iOS,800,51,40800,Online,UPI,27,26-33,Female,Turkey,Istanbul,41.0082,28.9784
d1c3c93a-6137-468a-a281-369e38b80eb0,5/19/2024,5/31/2024,Pixel 9,Google,64GB,Blue,Android,722,53,38266,Partner,UPI,39,34-41,Female,Turkey,Ankara,39.9334,32.8597
592eb398-a865-4282-8a8c-ee125cae45aa,5/20/2024,5/31/2024,Pixel 9,Google,256GB,White,Android,741,73,54093,Retail Store,UPI,22,18-25,Other,Turkey,Istanbul,41.0082,28.9784
bba8307d-a14f-4411-a2b1-7691e9102fa7,5/21/2024,5/31/2024,iPhone 14 Pro,Apple,64GB,Red,iOS,1082,54,58428,Online,Credit Card,20,18-25,Male,India,Mumbai,19.076,72.8777
421d315d-d454-485a-9881-e9801611071b,5/22/2024,5/31/2024,OnePlus 11R,OnePlus,128GB,Blue,Android,678,33,22374,Online,Credit Card,43,42-49,Male,India,Jaipur,26.9124,75.7873
bba8307d-a14f-4411-a2b1-7691e9102fa7,5/23/2024,5/31/2024,iPhone 14 Pro,Apple,64GB,Red,iOS,1082,54,58428,Online,Credit Card,20,18-25,Male,India,Mumbai,19.076,72.8777
5608d68a-f743-47df-8ab0-506222864044,5/24/2024,5/31/2024,iPhone 14,Apple,128GB,Blue,iOS,861,52,44772,Online,EMI,24,18-25,Female,India,Ahmedabad,23.0225,72.5714
99f8064c-0a0f-49e3-96eb-1fd34c8b289c,5/25/2024,5/31/2024,Redmi Note 13,Xiaomi,64GB,Black,Android,312,64,19968,Online,Cash,18,18-25,Female,India,Ahmedabad,23.0225,72.5714
27d10756-0d57-4d2a-83bf-f150a150ae73,5/26/2024,5/31/2024,Mi 13T Pro,Xiaomi,64GB,White,Android,529,44,23276,Partner,EMI,45,42-49,Male,Turkey,Bursa,40.1828,29.0665
e90823db-15d9-4085-a915-eb670a753520,5/27/2024,5/31/2024,Xiaomi 14 Ultra,Xiaomi,256GB,Green,Android,855,62,53010,Online,Cash,51,50-57,Male,Bangladesh,Rajshahi,24.3745,88.6042
8d5dc29d-6bf1-4c18-9156-9f8cde7f4f39,5/28/2024,5/31/2024,OnePlus Nord 4,OnePlus,128GB,Black,Android,534,91,48594,Online,Credit Card,20,18-25,Male,India,Kolkata,22.5726,88.3639
4e19f661-161a-43bd-97a7-d60cfb8192da,5/29/2024,5/31/2024,Galaxy M15,Samsung,256GB,Green,Android,325,78,25350,Retail Store,Credit Card,61,58-65,Male,Turkey,Bursa,40.1828,29.0665
dfb76477-24d9-48b0-9266-9500b73c0c40,5/30/2024,5/31/2024,Pixel 8a,Google,128GB,White,Android,545,21,11445,Online,Credit Card,57,50-57,Female,India,Lucknow,26.8467,80.9462
aeca97ff-06ee-46cd-8f8e-58aa97bd295d,5/31/2024,5/31/2024,Mi 13T Pro,Xiaomi,64GB,White,Android,542,32,17344,Retail Store,UPI,24,18-25,Female,India,Chennai,13.0827,80.2707
d88b82f3-1f09-48cd-a48b-ddf2484da53a,6/1/2024,6/30/2024,Pixel 9 Pro,Google,64GB,White,Android,1080,31,33480,Online,Credit Card,25,18-25,Female,Turkey,Antalya,36.8969,30.7133
b80fc87e-d487-45ae-b2db-c91eb2b155b2,6/2/2024,6/30/2024,Pixel 8a,Google,128GB,Black,Android,509,35,17815,Online,EMI,30,26-33,Male,Turkey,Bursa,40.1828,29.0665
23dd9a36-c55f-43a3-bf42-481f3e0ee6a3,6/3/2024,6/30/2024,OnePlus 11R,OnePlus,64GB,White,Android,662,71,47002,Online,Credit Card,23,18-25,Male,India,Jaipur,26.9124,75.7873
cbba6938-6721-4ed9-b465-94612dbbc6ab,6/4/2024,6/30/2024,OnePlus Nord 4,OnePlus,256GB,Black,Android,569,64,36416,Online,Credit Card,27,26-33,Male,Turkey,Izmir,38.4192,27.1287
aa7aa247-efc9-4872-b482-66d779d66291,6/5/2024,6/30/2024,OnePlus 11R,OnePlus,64GB,Red,Android,683,27,18441,Online,EMI,55,50-57,Female,Turkey,Antalya,36.8969,30.7133
918c1785-2c85-4757-a15e-cfddb38dd38e,6/6/2024,6/30/2024,iPhone SE,Apple,64GB,Blue,iOS,451,86,38786,Retail Store,UPI,28,26-33,Female,Turkey,Izmir,38.4192,27.1287
1e273c52-d2b0-45c7-b5e4-eb5fa7349f59,6/7/2024,6/30/2024,iPhone 15,Apple,128GB,Blue,iOS,876,54,47304,Retail Store,UPI,19,18-25,Female,India,Kolkata,22.5726,88.3639
4f87d114-f522-4ead-93e3-f336402df6aa,6/8/2024,6/30/2024,Mi 13T Pro,Xiaomi,256GB,Blue,Android,512,64,32768,Retail Store,UPI,55,50-57,Male,Turkey,Antalya,36.8969,30.7133
027fc1ac-20db-4e5a-9d12-f258b96d1142,6/9/2024,6/30/2024,Galaxy S25 Ultra,Samsung,256GB,Black,Android,1248,26,32448,Online,UPI,56,50-57,Other,India,Bangalore,12.9716,77.5946
c77bb8a7-d4dc-4e94-b544-ecd31ec0724a,6/10/2024,6/30/2024,Galaxy M15,Samsung,64GB,Green,Android,308,56,17248,Retail Store,UPI,51,50-57,Female,Turkey,Izmir,38.4192,27.1287
a84fac8a-948c-452a-819e-47d80945463d,6/11/2024,6/30/2024,iPhone 14,Apple,256GB,Red,iOS,813,51,41463,Retail Store,Credit Card,56,50-57,Female,Bangladesh,Khulna,22.8456,89.5403
b34103e5-2b2b-412e-8312-2993ac4a6ce2,6/12/2024,6/30/2024,Z Fold 6,Samsung,128GB,Green,Android,1850,99,183150,Online,EMI,46,42-49,Female,India,Chennai,13.0827,80.2707
30f86f86-11d6-495d-8d38-dfd5dcb03c3a,6/13/2024,6/30/2024,OnePlus 12 Pro,OnePlus,256GB,Green,Android,891,83,73953,Online,Cash,29,26-33,Male,Turkey,Ankara,39.9334,32.8597
6c536c36-1663-4c8e-9fd4-3d451ec66fdb,6/14/2024,6/30/2024,Galaxy A55,Samsung,128GB,Black,Android,452,7,3164,Retail Store,Cash,22,18-25,Female,India,Ahmedabad,23.0225,72.5714
9d647d9c-dc63-41a5-ae45-7296cbd8c3f7,6/15/2024,6/30/2024,Redmi Note 13,Xiaomi,128GB,Black,Android,316,18,5688,Partner,EMI,32,26-33,Male,Bangladesh,Chittagong,22.3569,91.7832
8e51238a-e2c4-4f2e-8896-3e6c0ad57be1,6/16/2024,6/30/2024,Pixel 8a,Google,64GB,Blue,Android,501,24,12024,Online,EMI,57,50-57,Female,Bangladesh,Chittagong,22.3569,91.7832
6e17deff-b435-4fd1-afb9-27aff2155c4d,6/17/2024,6/30/2024,OnePlus Nord 4,OnePlus,256GB,White,Android,516,66,34056,Online,Cash,46,42-49,Male,Turkey,Ankara,39.9334,32.8597
ec3f2b24-b0b6-44fa-b4d9-8bfb7598ff4e,6/18/2024,6/30/2024,iPhone SE,Apple,128GB,Red,iOS,442,24,10608,Online,EMI,25,18-25,Female,India,Pune,18.5204,73.8567
da032253-d5ac-4572-8c81-a4d378b5ff39,6/19/2024,6/30/2024,Pixel 9,Google,128GB,Green,Android,784,12,9408,Online,Cash,27,26-33,Female,Bangladesh,Dhaka,23.8103,90.4125
8084578e-c7f4-4a77-9177-22e62a1f2ebf,6/20/2024,6/30/2024,OnePlus 11R,OnePlus,128GB,Red,Android,669,54,36126,Partner,Cash,43,42-49,Female,India,Ahmedabad,23.0225,72.5714
9398a206-71cd-46ff-acd1-d99ebb1ed058,6/21/2024,6/30/2024,OnePlus 11R,OnePlus,256GB,White,Android,695,51,35445,Partner,UPI,62,58-65,Female,Turkey,Antalya,36.8969,30.7133
8cec7f87-2347-4bb4-8cdc-9c2a85b94f07,6/22/2024,6/30/2024,Galaxy A55,Samsung,64GB,Black,Android,474,92,43608,Online,EMI,52,50-57,Male,Turkey,Bursa,40.1828,29.0665
7e2ce318-5380-452d-81ec-254a41d9ce67,6/23/2024,6/30/2024,Galaxy S25 Ultra,Samsung,64GB,Green,Android,1255,26,32630,Online,Credit Card,39,34-41,Female,Turkey,Izmir,38.4192,27.1287
a9cd54db-2023-4060-ae7b-f14621fb7c15,6/24/2024,6/30/2024,Poco X6 Pro,Xiaomi,256GB,Black,Android,386,57,22002,Retail Store,EMI,38,34-41,Other,Turkey,Izmir,38.4192,27.1287
98844777-0706-4954-967c-eba273be9786,6/25/2024,6/30/2024,OnePlus Nord 4,OnePlus,128GB,White,Android,504,32,16128,Online,EMI,31,26-33,Male,India,Hyderabad,17.385,78.4867
97eeef8c-56dd-47b9-b9d9-b26ad38c0cc6,6/26/2024,6/30/2024,Galaxy S25 Ultra,Samsung,64GB,Green,Android,1265,75,94875,Online,Credit Card,53,50-57,Male,India,Kolkata,22.5726,88.3639
baf11b3f-a0f6-4c34-9304-798185427b4b,6/27/2024,6/30/2024,iPhone SE,Apple,256GB,Blue,iOS,478,50,23900,Online,EMI,49,42-49,Male,Pakistan,Islamabad,33.6844,73.0479
f1501b05-2741-47b9-8fef-3bb5fd227f3c,6/28/2024,6/30/2024,OnePlus 12 Pro,OnePlus,64GB,White,Android,835,71,59285,Online,EMI,61,58-65,Male,India,Hyderabad,17.385,78.4867
73f4ae54-30b9-4336-9a6a-82d52f683932,6/29/2024,6/30/2024,OnePlus Nord 4,OnePlus,64GB,White,Android,562,57,32034,Online,Credit Card,41,34-41,Male,Bangladesh,Sylhet,24.8949,91.8687
9a9a2ad8-8243-41ac-93cc-c179ea2af34c,6/30/2024,6/30/2024,Mi 13T Pro,Xiaomi,64GB,Red,Android,528,16,8448,Online,EMI,29,26-33,Female,Turkey,Izmir,38.4192,27.1287
a9973ffe-e4ec-40ba-912d-f3275a8cd0bf,7/1/2024,7/31/2024,Xiaomi 14 Ultra,Xiaomi,64GB,Green,Android,818,43,35174,Online,Credit Card,33,26-33,Male,Turkey,Bursa,40.1828,29.0665
69dcedc9-84c1-4736-9a47-cdcc1adfde86,7/2/2024,7/31/2024,iPhone SE,Apple,256GB,Green,iOS,433,90,38970,Online,UPI,24,18-25,Other,India,Mumbai,19.076,72.8777
3ac3e788-e9f8-4c0e-856a-178386e77dc5,7/3/2024,7/31/2024,Xiaomi 14 Ultra,Xiaomi,256GB,Red,Android,870,72,62640,Online,Credit Card,26,26-33,Female,Turkey,Antalya,36.8969,30.7133
b39ecb5c-062b-4c87-ae77-e75b20957ba5,7/4/2024,7/31/2024,Pixel 9 Pro,Google,128GB,Green,Android,1098,80,87840,Retail Store,EMI,61,58-65,Female,India,Mumbai,19.076,72.8777
631a8080-bfa4-4324-a1a1-708590b58946,7/5/2024,7/31/2024,Pixel 9,Google,128GB,Red,Android,779,47,36613,Online,EMI,58,58-65,Male,India,Mumbai,19.076,72.8777
4bf65265-8b98-440f-a66e-efef35df43f9,7/6/2024,7/31/2024,OnePlus 11R,OnePlus,64GB,Red,Android,649,58,37642,Online,EMI,64,58-65,Other,India,Hyderabad,17.385,78.4867
381d1e2b-f1be-4163-bbe1-97b02725d239,7/7/2024,7/31/2024,Z Fold 6,Samsung,128GB,Black,Android,1845,25,46125,Partner,Credit Card,55,50-57,Male,India,Chennai,13.0827,80.2707
d830c382-2f68-4f61-aa3a-8e32120a4d2e,7/8/2024,7/31/2024,iPhone 15 Pro,Apple,64GB,White,iOS,1134,54,61236,Online,EMI,27,26-33,Male,Turkey,Bursa,40.1828,29.0665
dfa4beca-1ebe-46c1-90aa-6e28c8e044f7,7/9/2024,7/31/2024,Pixel 9 Pro,Google,128GB,Black,Android,1013,14,14182,Online,EMI,23,18-25,Male,India,Ahmedabad,23.0225,72.5714
dced92e7-8ee8-4eab-837e-c2b2ca0510a2,7/10/2024,7/31/2024,Pixel 9,Google,256GB,Green,Android,771,85,65535,Online,Cash,62,58-65,Female,India,Lucknow,26.8467,80.9462
75b69bdf-bcfa-45ec-bb34-0edfaa0f1b60,7/11/2024,7/31/2024,Xiaomi 14 Ultra,Xiaomi,128GB,Black,Android,824,88,72512,Online,Cash,42,42-49,Female,Turkey,Ankara,39.9334,32.8597
0b2038fe-3514-4341-984e-c9fafd24a1a5,7/12/2024,7/31/2024,iPhone 14 Pro,Apple,256GB,White,iOS,1076,21,22596,Online,Credit Card,42,42-49,Female,India,Delhi,28.7041,77.1025
0b2038fe-3514-4341-984e-c9fafd24a1a5,7/13/2024,7/31/2024,iPhone 14 Pro,Apple,256GB,White,iOS,1076,21,22596,Online,Credit Card,42,42-49,Female,India,Delhi,28.7041,77.1025
cf0ec4eb-6751-4904-9980-9cbacd679c14,7/14/2024,7/31/2024,iPhone 14 Pro,Apple,256GB,Red,iOS,1022,79,80738,Online,UPI,55,50-57,Male,India,Lucknow,26.8467,80.9462
3b76ccfb-7609-4032-b895-932df8d3e143,7/15/2024,7/31/2024,Pixel 9 Pro,Google,128GB,White,Android,1034,15,15510,Partner,Cash,23,18-25,Male,India,Mumbai,19.076,72.8777
75b69bdf-bcfa-45ec-bb34-0edfaa0f1b60,7/16/2024,7/31/2024,Xiaomi 14 Ultra,Xiaomi,128GB,Black,Android,824,88,72512,Online,Cash,42,42-49,Female,Turkey,Ankara,39.9334,32.8597
233dfd88-f3be-42be-b464-0ed920bc2194,7/17/2024,7/31/2024,Z Fold 6,Samsung,64GB,Black,Android,1855,17,31535,Retail Store,Cash,46,42-49,Male,India,Delhi,28.7041,77.1025
7278319c-f4ff-4957-8747-de5d8c4fb0b2,7/18/2024,7/31/2024,Redmi Note 13,Xiaomi,64GB,Green,Android,319,34,10846,Partner,EMI,34,34-41,Other,India,Jaipur,26.9124,75.7873
a01cf58f-776a-44aa-9bf0-acb2e791bf54,7/19/2024,7/31/2024,iPhone SE,Apple,128GB,Green,iOS,456,9,4104,Online,EMI,21,18-25,Female,Turkey,Ankara,39.9334,32.8597
87ec627a-e951-47c9-b9bb-b50a1b83771b,7/20/2024,7/31/2024,Redmi Note 13,Xiaomi,128GB,Black,Android,335,58,19430,Retail Store,UPI,39,34-41,Female,India,Mumbai,19.076,72.8777
381d1e2b-f1be-4163-bbe1-97b02725d239,7/21/2024,7/31/2024,Z Fold 6,Samsung,128GB,Black,Android,1845,25,46125,Partner,Credit Card,55,50-57,Male,India,Chennai,13.0827,80.2707
492e27be-a5dd-4bdd-a3ca-64a0a880494e,7/22/2024,7/31/2024,Pixel 9 Pro,Google,64GB,Red,Android,1099,66,72534,Online,Credit Card,27,26-33,Male,India,Chennai,13.0827,80.2707
5459cd0f-80b8-45bb-8122-82f6a3b60075,7/23/2024,7/31/2024,Z Fold 6,Samsung,128GB,Black,Android,1863,34,63342,Partner,Cash,48,42-49,Male,India,Delhi,28.7041,77.1025
1b246f4b-b8b3-4cec-b801-bde2d1987509,7/24/2024,7/31/2024,OnePlus 12 Pro,OnePlus,128GB,Blue,Android,854,37,31598,Online,Credit Card,44,42-49,Male,Turkey,Izmir,38.4192,27.1287
13ebb7aa-97d8-473f-8cb1-ed72c9a517c2,7/25/2024,7/31/2024,OnePlus 12 Pro,OnePlus,64GB,Black,Android,823,92,75716,Retail Store,EMI,18,18-25,Male,Turkey,Istanbul,41.0082,28.9784
ce868ecb-e271-4b6d-ab3a-ce32f22cc95c,7/26/2024,7/31/2024,iPhone 15,Apple,64GB,White,iOS,886,73,64678,Online,Cash,43,42-49,Female,India,Lucknow,26.8467,80.9462
9bb46792-867e-42a4-8fa8-e5a9fcd85d68,7/27/2024,7/31/2024,OnePlus Nord 4,OnePlus,64GB,White,Android,564,36,20304,Partner,EMI,20,18-25,Female,India,Lucknow,26.8467,80.9462
81b50cb3-6f6e-47eb-84fb-08ecd54c20f4,7/28/2024,7/31/2024,Pixel 9 Pro,Google,128GB,Red,Android,1067,13,13871,Retail Store,EMI,19,18-25,Male,Bangladesh,Chittagong,22.3569,91.7832
45d2ad88-0e27-477f-9a74-3990ebd65838,7/29/2024,7/31/2024,Galaxy M15,Samsung,256GB,Red,Android,321,55,17655,Online,Credit Card,33,26-33,Female,India,Jaipur,26.9124,75.7873
57a14899-fdc3-4bc4-82fb-dee041cc5085,7/30/2024,7/31/2024,iPhone 14,Apple,256GB,White,iOS,816,95,77520,Online,EMI,21,18-25,Female,India,Delhi,28.7041,77.1025
80fecc89-f65c-4c3c-ac77-4ae004ffaa25,7/31/2024,7/31/2024,Pixel 8a,Google,64GB,Green,Android,543,32,17376,Online,Credit Card,37,34-41,Female,India,Bangalore,12.9716,77.5946
ac8bf7a8-fb2b-41f7-a0fa-53272d7bf4b9,8/1/2024,8/31/2024,iPhone 14,Apple,64GB,Blue,iOS,836,66,55176,Online,Credit Card,49,42-49,Male,India,Lucknow,26.8467,80.9462
ab65afba-2bee-46a3-8b23-fda5f5d18601,8/2/2024,8/31/2024,Poco X6 Pro,Xiaomi,256GB,Blue,Android,351,19,6669,Partner,Cash,41,34-41,Female,India,Jaipur,26.9124,75.7873
223adf80-0b39-4da3-b7b1-a9f42064fc5b,8/3/2024,8/31/2024,Pixel 9,Google,128GB,Black,Android,750,8,6000,Online,UPI,20,18-25,Female,India,Ahmedabad,23.0225,72.5714
83825219-5c2e-49f1-99ca-7ccd1edebb71,8/4/2024,8/31/2024,Mi 13T Pro,Xiaomi,64GB,Black,Android,521,88,45848,Online,EMI,54,50-57,Male,Turkey,Antalya,36.8969,30.7133
c6c2bdcc-6479-444e-8ea7-98fdd924178c,8/5/2024,8/31/2024,Mi 13T Pro,Xiaomi,256GB,Blue,Android,531,52,27612,Retail Store,Cash,60,58-65,Other,Turkey,Ankara,39.9334,32.8597
5715966f-620a-44f4-b08d-9c444264c4c1,8/6/2024,8/31/2024,OnePlus 11R,OnePlus,256GB,Black,Android,699,39,27261,Online,Cash,29,26-33,Female,Turkey,Antalya,36.8969,30.7133
5bc75cac-25a8-4cff-af9c-953f17ae6624,8/7/2024,8/31/2024,Pixel 8a,Google,64GB,White,Android,512,34,17408,Online,Cash,29,26-33,Other,India,Bangalore,12.9716,77.5946
4df64a47-3dd2-49f1-bca8-6650b0021bca,8/8/2024,8/31/2024,Galaxy A55,Samsung,128GB,Green,Android,413,25,10325,Online,UPI,42,42-49,Female,India,Bangalore,12.9716,77.5946
391959dc-a30c-4625-83fe-c56bc5a23c7b,8/9/2024,8/31/2024,OnePlus 12 Pro,OnePlus,256GB,Blue,Android,843,97,81771,Online,Credit Card,34,34-41,Female,Turkey,Antalya,36.8969,30.7133
a8636322-29d8-4152-b812-15b95f4b4444,8/10/2024,8/31/2024,OnePlus 12 Pro,OnePlus,64GB,Green,Android,803,97,77891,Online,Cash,21,18-25,Male,India,Chennai,13.0827,80.2707
1f93f947-f3ce-4bc7-8a74-a2f7b369a3dd,8/11/2024,8/31/2024,Pixel 9,Google,128GB,Black,Android,792,20,15840,Online,Credit Card,41,34-41,Female,Turkey,Istanbul,41.0082,28.9784
0a2ea933-d97c-47c9-8967-ee955688d891,8/12/2024,8/31/2024,Pixel 8a,Google,256GB,Black,Android,516,20,10320,Online,Credit Card,42,42-49,Female,Turkey,Izmir,38.4192,27.1287
bdcfcebc-1663-4012-9c26-f8e08371ef8c,8/13/2024,8/31/2024,Mi 13T Pro,Xiaomi,128GB,Blue,Android,535,76,40660,Online,UPI,41,34-41,Male,India,Lucknow,26.8467,80.9462
97aef928-83ce-474f-b069-20f61eeb351a,8/14/2024,8/31/2024,Pixel 9,Google,256GB,Blue,Android,726,16,11616,Online,EMI,48,42-49,Male,Turkey,Bursa,40.1828,29.0665
c05f4a0d-cdff-413b-82c6-a5522ce92982,8/15/2024,8/31/2024,Galaxy M15,Samsung,64GB,White,Android,395,75,29625,Online,UPI,62,58-65,Female,India,Pune,18.5204,73.8567
ed375851-0745-4782-b208-7e4a575211a2,8/16/2024,8/31/2024,Galaxy S25 Ultra,Samsung,128GB,Red,Android,1293,2,2586,Retail Store,Cash,36,34-41,Female,India,Pune,18.5204,73.8567
eb770352-6be0-4e43-a586-c70ae6cb0625,8/17/2024,8/31/2024,Mi 13T Pro,Xiaomi,128GB,Blue,Android,525,51,26775,Online,Cash,29,26-33,Female,India,Jaipur,26.9124,75.7873
b4de2bb0-6426-4ae0-bc2d-1d6bc309fb38,8/18/2024,8/31/2024,Poco X6 Pro,Xiaomi,256GB,Black,Android,382,75,28650,Partner,EMI,19,18-25,Male,Turkey,Istanbul,41.0082,28.9784
c17792ae-d323-4d3a-a640-749d7fe6e5de,8/19/2024,8/31/2024,Galaxy M15,Samsung,64GB,Red,Android,356,58,20648,Retail Store,EMI,23,18-25,Other,India,Bangalore,12.9716,77.5946
ccebab09-9abd-4642-ae8e-aad2f31519c3,8/20/2024,8/31/2024,Z Fold 6,Samsung,128GB,Red,Android,1857,94,174558,Online,Credit Card,19,18-25,Female,India,Chennai,13.0827,80.2707
f6911e69-8a1f-4cf0-ad51-e80918c55a81,8/21/2024,8/31/2024,OnePlus Nord 4,OnePlus,64GB,White,Android,584,21,12264,Retail Store,Credit Card,38,34-41,Female,India,Delhi,28.7041,77.1025
76027fce-477f-4b8c-ac42-f92f46120e88,8/22/2024,8/31/2024,Galaxy M15,Samsung,128GB,Black,Android,306,20,6120,Online,EMI,19,18-25,Female,India,Hyderabad,17.385,78.4867
7da7de95-f772-4cc2-bce0-b0873f98233e,8/23/2024,8/31/2024,Galaxy A55,Samsung,256GB,Black,Android,442,79,34918,Retail Store,UPI,46,42-49,Female,Bangladesh,Chittagong,22.3569,91.7832
6cdafe35-9217-4584-9278-91cac7d6c8e5,8/24/2024,8/31/2024,Poco X6 Pro,Xiaomi,64GB,Blue,Android,356,62,22072,Online,UPI,59,58-65,Male,India,Bangalore,12.9716,77.5946
e2b513d1-e3c2-4592-b59e-735b9c1fc2c1,8/25/2024,8/31/2024,Z Fold 6,Samsung,64GB,White,Android,1808,54,97632,Online,Cash,60,58-65,Male,Turkey,Ankara,39.9334,32.8597
57f49450-3afd-414c-88da-12ce37fdce1b,8/26/2024,8/31/2024,iPhone SE,Apple,64GB,Red,iOS,465,71,33015,Online,UPI,56,50-57,Male,India,Chennai,13.0827,80.2707
975126b2-9aa0-471d-98e6-96da12bec7c3,8/27/2024,8/31/2024,OnePlus 12 Pro,OnePlus,128GB,Blue,Android,891,84,74844,Online,UPI,39,34-41,Male,India,Pune,18.5204,73.8567
b5cbe4ea-8f98-4227-b05b-ff80d82757a2,8/28/2024,8/31/2024,iPhone 15 Pro,Apple,256GB,Red,iOS,1156,73,84388,Partner,Cash,63,58-65,Female,India,Kolkata,22.5726,88.3639
f12aa1b8-63e7-4bbb-b320-1a22ce062d1d,8/29/2024,8/31/2024,Galaxy S25 Ultra,Samsung,256GB,White,Android,1286,84,108024,Online,Credit Card,26,26-33,Male,India,Jaipur,26.9124,75.7873
e5032217-c447-4d62-9536-64448dd8fd17,8/30/2024,8/31/2024,Redmi Note 13,Xiaomi,128GB,White,Android,301,65,19565,Partner,Cash,36,34-41,Female,Turkey,Antalya,36.8969,30.7133
8d757a3c-6ffc-4b44-97aa-de01f6bc3b56,8/31/2024,8/31/2024,Poco X6 Pro,Xiaomi,64GB,Green,Android,369,81,29889,Retail Store,Credit Card,40,34-41,Female,India,Hyderabad,17.385,78.4867
8fdb323b-83af-4344-8d72-b57ec9589874,9/1/2024,9/30/2024,iPhone 14 Pro,Apple,64GB,Red,iOS,1042,19,19798,Partner,Cash,59,58-65,Male,Turkey,Ankara,39.9334,32.8597
baf11b3f-a0f6-4c34-9304-798185427b4b,9/2/2024,9/30/2024,iPhone SE,Apple,256GB,Blue,iOS,478,50,23900,Online,EMI,49,42-49,Male,Pakistan,Islamabad,33.6844,73.0479
b285b45a-4d7f-4177-ae0f-6765d4a98db9,9/3/2024,9/30/2024,Redmi Note 13,Xiaomi,128GB,Blue,Android,335,70,23450,Online,Cash,23,18-25,Female,India,Jaipur,26.9124,75.7873
1593f027-9cc6-442a-86e5-573651d5baf3,9/4/2024,9/30/2024,Mi 13T Pro,Xiaomi,128GB,Black,Android,546,36,19656,Retail Store,UPI,20,18-25,Male,Bangladesh,Dhaka,23.8103,90.4125
673ba242-77f0-4978-8a16-d8f590cf8be3,9/5/2024,9/30/2024,Pixel 9,Google,64GB,Black,Android,789,47,37083,Retail Store,UPI,23,18-25,Female,India,Delhi,28.7041,77.1025
8ddf0eb5-4903-40ab-9d0c-df96394dc01c,9/6/2024,9/30/2024,Galaxy A55,Samsung,64GB,Black,Android,459,34,15606,Online,UPI,32,26-33,Male,Bangladesh,Rajshahi,24.3745,88.6042
fa2fe475-58ab-45e0-8665-423ac1d99875,9/7/2024,9/30/2024,Poco X6 Pro,Xiaomi,64GB,Black,Android,395,37,14615,Online,UPI,46,42-49,Female,Pakistan,Islamabad,33.6844,73.0479
00a9cf7e-f55f-43c2-80e2-32c3091fb23f,9/8/2024,9/30/2024,iPhone 14 Pro,Apple,64GB,Black,iOS,1063,21,22323,Online,Cash,28,26-33,Male,India,Mumbai,19.076,72.8777
41c0dca7-45ea-4a15-a721-a0817bf9e9bd,9/9/2024,9/30/2024,Pixel 8a,Google,256GB,Green,Android,535,11,5885,Online,Cash,43,42-49,Male,Pakistan,Lahore,31.5497,74.3436
6f0c7e6b-bafc-4b7f-aec1-931619bd777c,9/10/2024,9/30/2024,iPhone 14,Apple,256GB,Blue,iOS,800,51,40800,Online,UPI,27,26-33,Female,Turkey,Istanbul,41.0082,28.9784
5815ba82-f44e-4610-83d7-28b12cf22bae,9/11/2024,9/30/2024,OnePlus Nord 4,OnePlus,64GB,Blue,Android,538,67,36046,Retail Store,EMI,64,58-65,Female,Bangladesh,Dhaka,23.8103,90.4125
0835e90c-955f-47dc-87df-98c314e501a7,9/12/2024,9/30/2024,Pixel 9 Pro,Google,128GB,Black,Android,1048,87,91176,Online,EMI,35,34-41,Female,Turkey,Bursa,40.1828,29.0665
8a020b59-0bf5-4548-8b12-0380b5d1a25f,9/13/2024,9/30/2024,iPhone 14,Apple,64GB,White,iOS,856,33,28248,Partner,UPI,31,26-33,Female,Turkey,Izmir,38.4192,27.1287
ae88502d-6495-4cbb-adaa-c12247525627,9/14/2024,9/30/2024,OnePlus Nord 4,OnePlus,128GB,Red,Android,592,39,23088,Online,EMI,18,18-25,Female,Bangladesh,Rajshahi,24.3745,88.6042
13ebb7aa-97d8-473f-8cb1-ed72c9a517c2,9/15/2024,9/30/2024,OnePlus 12 Pro,OnePlus,64GB,Black,Android,823,92,75716,Retail Store,EMI,18,18-25,Male,Turkey,Istanbul,41.0082,28.9784
2e531f19-941b-4e8c-83db-16ba3e5eca52,9/16/2024,9/30/2024,OnePlus 11R,OnePlus,128GB,Green,Android,676,33,22308,Retail Store,Cash,20,18-25,Female,India,Hyderabad,17.385,78.4867
2d8c5839-74ea-42ab-9ba7-3f96d96efd87,9/17/2024,9/30/2024,Galaxy A55,Samsung,256GB,Blue,Android,422,29,12238,Online,UPI,48,42-49,Male,India,Pune,18.5204,73.8567
2854bddf-ed59-41f1-8479-21469066db0a,9/18/2024,9/30/2024,OnePlus Nord 4,OnePlus,64GB,Green,Android,583,44,25652,Online,Credit Card,28,26-33,Female,India,Ahmedabad,23.0225,72.5714
00c4011d-0798-4dcd-ba4f-5d7fbbcdc9e5,9/19/2024,9/30/2024,iPhone 15,Apple,128GB,Black,iOS,872,54,47088,Online,UPI,55,50-57,Male,India,Mumbai,19.076,72.8777
173d6e2c-d2d4-4a78-9b56-8ff05194c0be,9/20/2024,9/30/2024,OnePlus 12 Pro,OnePlus,64GB,Black,Android,835,94,78490,Online,UPI,23,18-25,Female,India,Jaipur,26.9124,75.7873
c86ae247-2192-41cc-807f-a310c91877e4,9/21/2024,9/30/2024,Mi 13T Pro,Xiaomi,64GB,Black,Android,518,24,12432,Retail Store,Credit Card,40,34-41,Female,India,Ahmedabad,23.0225,72.5714
af44b142-5392-4d93-9060-ad7d5c8022f3,9/22/2024,9/30/2024,iPhone SE,Apple,256GB,Blue,iOS,429,46,19734,Retail Store,EMI,52,50-57,Male,India,Pune,18.5204,73.8567
26f1b986-7049-473e-988d-e72bab62a70b,9/23/2024,9/30/2024,Pixel 8a,Google,128GB,White,Android,520,6,3120,Online,UPI,34,34-41,Female,Bangladesh,Khulna,22.8456,89.5403
7df13af7-873c-4afb-b644-9f9ecf79410d,9/24/2024,9/30/2024,iPhone SE,Apple,256GB,White,iOS,459,33,15147,Online,Credit Card,22,18-25,Other,Turkey,Bursa,40.1828,29.0665
d830c382-2f68-4f61-aa3a-8e32120a4d2e,9/25/2024,9/30/2024,iPhone 15 Pro,Apple,64GB,White,iOS,1134,54,61236,Online,EMI,27,26-33,Male,Turkey,Bursa,40.1828,29.0665
9eae19c3-5353-4d1a-b557-73080cfa4100,9/26/2024,9/30/2024,Redmi Note 13,Xiaomi,128GB,Black,Android,335,95,31825,Partner,EMI,46,42-49,Female,India,Bangalore,12.9716,77.5946
ad2b4bff-dce0-4620-bc82-f904e60c49cb,9/27/2024,9/30/2024,Poco X6 Pro,Xiaomi,256GB,White,Android,357,67,23919,Retail Store,Cash,34,34-41,Female,Pakistan,Karachi,24.8607,67.0011
da53593b-9281-4a8c-91c7-273d25c02541,9/28/2024,9/30/2024,iPhone 15 Pro,Apple,128GB,Blue,iOS,1189,40,47560,Partner,EMI,19,18-25,Male,India,Pune,18.5204,73.8567
7d2d67fc-835c-48f1-9edd-8537d9fefc7e,9/29/2024,9/30/2024,Z Fold 6,Samsung,256GB,Blue,Android,1815,59,107085,Online,Credit Card,45,42-49,Other,India,Kolkata,22.5726,88.3639
18eb14f3-3767-47a1-89c3-321be94156e3,9/30/2024,9/30/2024,Pixel 8a,Google,256GB,White,Android,520,6,3120,Online,UPI,30,26-33,Female,Turkey,Ankara,39.9334,32.8597
1687bec4-ccc8-4abe-81d1-d3c34ceb1b5f,10/1/2024,10/31/2024,Z Fold 6,Samsung,256GB,Red,Android,1858,17,31586,Online,EMI,27,26-33,Female,Bangladesh,Khulna,22.8456,89.5403
41d46fa9-746c-4c6c-8da6-93a6417f2355,10/2/2024,10/31/2024,Pixel 9 Pro,Google,256GB,Black,Android,1029,71,73059,Online,Cash,47,42-49,Female,India,Jaipur,26.9124,75.7873
93995cc4-4535-40b3-9ba0-f1a2b5f89f0f,10/3/2024,10/31/2024,iPhone 15,Apple,256GB,Black,iOS,864,67,57888,Retail Store,UPI,30,26-33,Female,Turkey,Izmir,38.4192,27.1287
d73e4e8b-1032-4086-aa77-8cf8fea98d25,10/4/2024,10/31/2024,Mi 13T Pro,Xiaomi,256GB,Blue,Android,538,49,26362,Partner,Cash,64,58-65,Female,Turkey,Izmir,38.4192,27.1287
baefeff0-2f10-4ab3-81fe-50e61276494f,10/5/2024,10/31/2024,Z Fold 6,Samsung,256GB,Black,Android,1837,6,11022,Online,Cash,42,42-49,Male,India,Kolkata,22.5726,88.3639
a9d4ebfb-3a5b-4d27-a847-0a606c6eaf6f,10/6/2024,10/31/2024,OnePlus Nord 4,OnePlus,128GB,White,Android,561,53,29733,Partner,Credit Card,28,26-33,Female,Turkey,Izmir,38.4192,27.1287
c17792ae-d323-4d3a-a640-749d7fe6e5de,10/7/2024,10/31/2024,Galaxy M15,Samsung,64GB,Red,Android,356,58,20648,Retail Store,EMI,23,18-25,Other,India,Bangalore,12.9716,77.5946
bc12e24b-f585-4548-9fc4-26c8ad86e7f8,10/8/2024,10/31/2024,OnePlus 11R,OnePlus,128GB,White,Android,683,90,61470,Online,Cash,62,58-65,Female,India,Ahmedabad,23.0225,72.5714
e50290db-1725-4255-9fb6-a5e7a4d02d74,10/9/2024,10/31/2024,Galaxy A55,Samsung,256GB,Blue,Android,443,77,34111,Online,Cash,62,58-65,Female,India,Mumbai,19.076,72.8777
5b88ab1e-fb86-4e1f-8cb2-0a2b2b5175c1,10/10/2024,10/31/2024,Xiaomi 14 Ultra,Xiaomi,64GB,Black,Android,828,42,34776,Online,Cash,19,18-25,Male,Turkey,Istanbul,41.0082,28.9784
b1a479c9-4caa-4cc6-b5aa-557b0b1bb69c,10/11/2024,10/31/2024,OnePlus 12 Pro,OnePlus,256GB,Red,Android,814,37,30118,Online,Cash,47,42-49,Male,Turkey,Istanbul,41.0082,28.9784
65cc396b-4349-4ee3-83b6-b73333f93133,10/12/2024,10/31/2024,Pixel 8a,Google,128GB,Red,Android,546,49,26754,Retail Store,Credit Card,34,34-41,Female,India,Kolkata,22.5726,88.3639
caab0fa6-37de-4faf-832b-531517c80874,10/13/2024,10/31/2024,iPhone 15 Pro,Apple,256GB,Green,iOS,1139,44,50116,Online,UPI,31,26-33,Male,Bangladesh,Chittagong,22.3569,91.7832
462cf16a-9332-454f-8059-676e62156f3b,10/14/2024,10/31/2024,Z Fold 6,Samsung,128GB,White,Android,1816,84,152544,Online,UPI,41,34-41,Male,Turkey,Ankara,39.9334,32.8597
b4df370f-821b-43aa-a876-841b99222c0b,10/15/2024,10/31/2024,OnePlus Nord 4,OnePlus,64GB,Green,Android,571,73,41683,Online,Credit Card,59,58-65,Male,Bangladesh,Sylhet,24.8949,91.8687
be14475a-5ac8-4fdb-afdd-2e05fc45947a,10/16/2024,10/31/2024,iPhone 14 Pro,Apple,128GB,Blue,iOS,1013,36,36468,Retail Store,Credit Card,42,42-49,Female,Turkey,Antalya,36.8969,30.7133
44f2a19f-ad29-478b-afc1-a94f43cf4b01,10/17/2024,10/31/2024,Pixel 9,Google,64GB,Blue,Android,792,4,3168,Online,Credit Card,40,34-41,Female,Bangladesh,Rajshahi,24.3745,88.6042
bc96e2cb-0ca7-4eb6-a698-acb8e6f1577c,10/18/2024,10/31/2024,Poco X6 Pro,Xiaomi,64GB,Red,Android,370,8,2960,Online,Cash,28,26-33,Male,Turkey,Izmir,38.4192,27.1287
492e27be-a5dd-4bdd-a3ca-64a0a880494e,10/19/2024,10/31/2024,Pixel 9 Pro,Google,64GB,Red,Android,1099,66,72534,Online,Credit Card,27,26-33,Male,India,Chennai,13.0827,80.2707
027fc1ac-20db-4e5a-9d12-f258b96d1142,10/20/2024,10/31/2024,Galaxy S25 Ultra,Samsung,256GB,Black,Android,1248,26,32448,Online,UPI,56,50-57,Other,India,Bangalore,12.9716,77.5946
ee4e3ab6-7c6f-4119-819d-6ba71e0da773,10/21/2024,10/31/2024,Galaxy A55,Samsung,128GB,Red,Android,470,23,10810,Retail Store,Cash,51,50-57,Male,India,Chennai,13.0827,80.2707
bbf10f68-d604-45be-aabe-e39d85e0ff20,10/22/2024,10/31/2024,iPhone 14 Pro,Apple,128GB,Red,iOS,1053,65,68445,Online,EMI,59,58-65,Male,India,Hyderabad,17.385,78.4867
2495de7b-419a-4883-8075-d5959162492d,10/23/2024,10/31/2024,iPhone 14,Apple,64GB,Black,iOS,809,72,58248,Online,Credit Card,41,34-41,Female,Bangladesh,Sylhet,24.8949,91.8687
b0bf3c70-7bb3-4514-92f7-e752db4def1b,10/24/2024,10/31/2024,Galaxy S25 Ultra,Samsung,128GB,Green,Android,1269,78,98982,Partner,UPI,47,42-49,Female,India,Pune,18.5204,73.8567
99ea4ef2-dca1-42ce-9d65-99314b4bc2a2,10/25/2024,10/31/2024,OnePlus 11R,OnePlus,64GB,Black,Android,601,78,46878,Retail Store,Credit Card,51,50-57,Male,Bangladesh,Chittagong,22.3569,91.7832
7b0cb646-6dc6-4c1d-85d6-75e2701cb1c9,10/26/2024,10/31/2024,OnePlus 12 Pro,OnePlus,256GB,Red,Android,854,75,64050,Online,UPI,63,58-65,Male,Turkey,Istanbul,41.0082,28.9784
16960cd1-2989-4ae0-97e1-47db52d5e944,10/27/2024,10/31/2024,Poco X6 Pro,Xiaomi,256GB,Red,Android,350,11,3850,Retail Store,UPI,43,42-49,Female,India,Ahmedabad,23.0225,72.5714
ab65afba-2bee-46a3-8b23-fda5f5d18601,10/28/2024,10/31/2024,Poco X6 Pro,Xiaomi,256GB,Blue,Android,351,19,6669,Partner,Cash,41,34-41,Female,India,Jaipur,26.9124,75.7873
9d1f033a-a271-475b-97ff-c85f667a334e,10/29/2024,10/31/2024,iPhone 14,Apple,128GB,White,iOS,822,9,7398,Retail Store,Cash,56,50-57,Female,Turkey,Izmir,38.4192,27.1287
fe80a264-a2ac-45ae-80ea-c67c6ba9a045,10/30/2024,10/31/2024,Pixel 9,Google,128GB,Red,Android,704,82,57728,Online,EMI,48,42-49,Other,Turkey,Antalya,36.8969,30.7133
37771a5c-d5e6-45a2-962a-1ffed462104b,10/31/2024,10/31/2024,OnePlus Nord 4,OnePlus,64GB,Green,Android,567,92,52164,Online,Cash,31,26-33,Male,Turkey,Bursa,40.1828,29.0665
f29a147f-2183-4e3e-8851-b7bbc41df8c8,11/1/2024,11/30/2024,iPhone 15,Apple,64GB,Green,iOS,829,48,39792,Online,EMI,43,42-49,Male,Turkey,Izmir,38.4192,27.1287
bba8307d-a14f-4411-a2b1-7691e9102fa7,11/2/2024,11/30/2024,iPhone 14 Pro,Apple,64GB,Red,iOS,1082,54,58428,Online,Credit Card,20,18-25,Male,India,Mumbai,19.076,72.8777
69fad209-6c1e-4ea7-9da6-46053b761f3a,11/3/2024,11/30/2024,Galaxy A55,Samsung,256GB,Black,Android,490,27,13230,Online,UPI,37,34-41,Male,India,Chennai,13.0827,80.2707
15e2798f-e227-4f4e-b061-b147a35b3f94,11/4/2024,11/30/2024,Poco X6 Pro,Xiaomi,64GB,Black,Android,358,5,1790,Retail Store,UPI,46,42-49,Male,Turkey,Izmir,38.4192,27.1287
d830c382-2f68-4f61-aa3a-8e32120a4d2e,11/5/2024,11/30/2024,iPhone 15 Pro,Apple,64GB,White,iOS,1134,54,61236,Online,EMI,27,26-33,Male,Turkey,Bursa,40.1828,29.0665
fbb8c484-f4e5-408b-8d25-6ad2e160452b,11/6/2024,11/30/2024,Pixel 9 Pro,Google,64GB,White,Android,1000,5,5000,Retail Store,EMI,54,50-57,Female,Turkey,Istanbul,41.0082,28.9784
453150f7-9f21-41e8-8b98-34b3ed38094c,11/7/2024,11/30/2024,Xiaomi 14 Ultra,Xiaomi,64GB,Black,Android,841,61,51301,Online,EMI,47,42-49,Female,Turkey,Antalya,36.8969,30.7133
b0ba4ceb-ca74-4200-9e93-c0b698af493e,11/8/2024,11/30/2024,iPhone 14,Apple,128GB,White,iOS,896,83,74368,Online,EMI,54,50-57,Male,India,Chennai,13.0827,80.2707
96d4f89c-5b22-4bc3-a153-b82ab110f4b4,11/9/2024,11/30/2024,Galaxy A55,Samsung,256GB,Black,Android,458,49,22442,Retail Store,Credit Card,29,26-33,Male,Turkey,Antalya,36.8969,30.7133
6eb173bb-59a5-4e8b-a2bd-c974ef076134,11/10/2024,11/30/2024,OnePlus 11R,OnePlus,64GB,White,Android,643,81,52083,Retail Store,UPI,31,26-33,Male,India,Jaipur,26.9124,75.7873
505be308-fbe6-4917-9659-87ab82ab776d,11/11/2024,11/30/2024,OnePlus Nord 4,OnePlus,64GB,Green,Android,543,35,19005,Retail Store,Cash,40,34-41,Female,Turkey,Bursa,40.1828,29.0665
d3e82026-2084-40f2-8d5d-d2a94a198af9,11/12/2024,11/30/2024,Pixel 9,Google,256GB,Black,Android,725,79,57275,Retail Store,EMI,44,42-49,Female,India,Hyderabad,17.385,78.4867
37f52a09-fa59-4c84-b888-ebea2fa9c02a,11/13/2024,11/30/2024,Pixel 8a,Google,128GB,White,Android,503,36,18108,Online,UPI,48,42-49,Male,India,Pune,18.5204,73.8567
8373a7ce-dae1-4293-afff-ed796eb226e4,11/14/2024,11/30/2024,Z Fold 6,Samsung,128GB,Blue,Android,1877,66,123882,Retail Store,Credit Card,32,26-33,Male,India,Jaipur,26.9124,75.7873
ed375851-0745-4782-b208-7e4a575211a2,11/15/2024,11/30/2024,Galaxy S25 Ultra,Samsung,128GB,Red,Android,1293,2,2586,Retail Store,Cash,36,34-41,Female,India,Pune,18.5204,73.8567
3fd4db14-58ca-44c7-88d3-b720c4e38ba5,11/16/2024,11/30/2024,iPhone 14,Apple,128GB,Red,iOS,811,7,5677,Online,Credit Card,30,26-33,Male,Bangladesh,Chittagong,22.3569,91.7832
784b0c63-1eb4-42bf-a8e1-de0d1f9bbbb2,11/17/2024,11/30/2024,OnePlus 12 Pro,OnePlus,64GB,Blue,Android,875,80,70000,Online,Credit Card,60,58-65,Male,Turkey,Izmir,38.4192,27.1287
f29a147f-2183-4e3e-8851-b7bbc41df8c8,11/18/2024,11/30/2024,iPhone 15,Apple,64GB,Green,iOS,829,48,39792,Online,EMI,43,42-49,Male,Turkey,Izmir,38.4192,27.1287
8d757a3c-6ffc-4b44-97aa-de01f6bc3b56,11/19/2024,11/30/2024,Poco X6 Pro,Xiaomi,64GB,Green,Android,369,81,29889,Retail Store,Credit Card,40,34-41,Female,India,Hyderabad,17.385,78.4867
5b971458-ca8d-4320-b8dd-fa1cd0d3f733,11/20/2024,11/30/2024,Galaxy S25 Ultra,Samsung,256GB,Blue,Android,1247,30,37410,Online,Credit Card,53,50-57,Female,India,Lucknow,26.8467,80.9462
d09c0b41-1402-4356-9862-1037a36dff3c,11/21/2024,11/30/2024,iPhone 15 Pro,Apple,64GB,Green,iOS,1106,71,78526,Online,Cash,33,26-33,Male,India,Chennai,13.0827,80.2707
5bad4d24-060c-4374-9855-fc134cbb0bef,11/22/2024,11/30/2024,OnePlus 11R,OnePlus,64GB,Blue,Android,621,40,24840,Retail Store,Cash,48,42-49,Other,India,Hyderabad,17.385,78.4867
81201758-d358-4752-ae12-239b8faebae6,11/23/2024,11/30/2024,iPhone 15 Pro,Apple,128GB,Blue,iOS,1150,43,49450,Retail Store,Credit Card,38,34-41,Female,India,Chennai,13.0827,80.2707
077487a5-61c4-4f29-bd88-49901d7b47e7,11/24/2024,11/30/2024,Xiaomi 14 Ultra,Xiaomi,128GB,Blue,Android,837,83,69471,Retail Store,Cash,41,34-41,Female,Pakistan,Karachi,24.8607,67.0011
7278319c-f4ff-4957-8747-de5d8c4fb0b2,11/25/2024,11/30/2024,Redmi Note 13,Xiaomi,64GB,Green,Android,319,34,10846,Partner,EMI,34,34-41,Other,India,Jaipur,26.9124,75.7873
e50290db-1725-4255-9fb6-a5e7a4d02d74,11/26/2024,11/30/2024,Galaxy A55,Samsung,256GB,Blue,Android,443,77,34111,Online,Cash,62,58-65,Female,India,Mumbai,19.076,72.8777
53745a72-1cf1-45ad-a544-8ac93d79a45d,11/27/2024,11/30/2024,Mi 13T Pro,Xiaomi,128GB,Green,Android,531,21,11151,Online,UPI,49,42-49,Female,India,Pune,18.5204,73.8567
567c276b-fec4-47e4-b5be-71f2b79bd745,11/28/2024,11/30/2024,Redmi Note 13,Xiaomi,128GB,Black,Android,315,92,28980,Online,UPI,33,26-33,Female,Turkey,Istanbul,41.0082,28.9784
7278319c-f4ff-4957-8747-de5d8c4fb0b2,11/29/2024,11/30/2024,Redmi Note 13,Xiaomi,64GB,Green,Android,319,34,10846,Partner,EMI,34,34-41,Other,India,Jaipur,26.9124,75.7873
b44062f4-e16b-4596-bba1-9dd612a69615,11/30/2024,11/30/2024,iPhone 14 Pro,Apple,256GB,Green,iOS,1045,23,24035,Retail Store,EMI,32,26-33,Male,Bangladesh,Rajshahi,24.3745,88.6042
41eea37c-f1ca-4d75-95d2-c42339fe8115,12/1/2024,12/31/2024,iPhone 14,Apple,64GB,Green,iOS,892,58,51736,Online,EMI,42,42-49,Male,Turkey,Ankara,39.9334,32.8597
673ba242-77f0-4978-8a16-d8f590cf8be3,12/2/2024,12/31/2024,Pixel 9,Google,64GB,Black,Android,789,47,37083,Retail Store,UPI,23,18-25,Female,India,Delhi,28.7041,77.1025
316ae676-2311-46eb-84b1-088dfeeb19dd,12/3/2024,12/31/2024,Pixel 9,Google,64GB,Blue,Android,715,59,42185,Retail Store,UPI,53,50-57,Female,India,Ahmedabad,23.0225,72.5714
41e73345-7161-4b86-9922-848a9ca80bf9,12/4/2024,12/31/2024,iPhone 15,Apple,64GB,White,iOS,887,10,8870,Retail Store,EMI,38,34-41,Female,Bangladesh,Khulna,22.8456,89.5403
32efcd0a-9382-4773-997d-d5f484be58a5,12/5/2024,12/31/2024,Galaxy S25 Ultra,Samsung,64GB,Blue,Android,1239,34,42126,Online,UPI,37,34-41,Female,Turkey,Istanbul,41.0082,28.9784
0835e90c-955f-47dc-87df-98c314e501a7,12/6/2024,12/31/2024,Pixel 9 Pro,Google,128GB,Black,Android,1048,87,91176,Online,EMI,35,34-41,Female,Turkey,Bursa,40.1828,29.0665
0c877dea-f64a-4f75-8ccf-4dc7b70ba576,12/7/2024,12/31/2024,OnePlus Nord 4,OnePlus,128GB,Blue,Android,537,36,19332,Retail Store,UPI,52,50-57,Male,India,Delhi,28.7041,77.1025
271ea241-ee6b-425a-b5d6-5b9fcf2830cb,12/8/2024,12/31/2024,Redmi Note 13,Xiaomi,128GB,Green,Android,343,87,29841,Online,Cash,55,50-57,Male,Bangladesh,Dhaka,23.8103,90.4125
a01cf58f-776a-44aa-9bf0-acb2e791bf54,12/9/2024,12/31/2024,iPhone SE,Apple,128GB,Green,iOS,456,9,4104,Online,EMI,21,18-25,Female,Turkey,Ankara,39.9334,32.8597
963677f8-ebd9-4a9c-a90e-a17d3c479fde,12/10/2024,12/31/2024,OnePlus Nord 4,OnePlus,128GB,White,Android,540,44,23760,Partner,Credit Card,23,18-25,Male,Bangladesh,Rajshahi,24.3745,88.6042
f96ad151-8b3e-4126-99a5-97a4a176915a,12/11/2024,12/31/2024,Galaxy S25 Ultra,Samsung,64GB,Black,Android,1207,35,42245,Online,UPI,20,18-25,Female,India,Pune,18.5204,73.8567
8387a168-4638-412f-8721-9ceebeba72fe,12/12/2024,12/31/2024,OnePlus 12 Pro,OnePlus,128GB,Black,Android,829,29,24041,Partner,Credit Card,42,42-49,Female,India,Jaipur,26.9124,75.7873
6e9b3fb9-acd2-458a-8d6f-cc76b8f3c204,12/13/2024,12/31/2024,iPhone 14,Apple,64GB,Red,iOS,880,52,45760,Retail Store,UPI,63,58-65,Female,Turkey,Ankara,39.9334,32.8597
19f710fc-8045-441d-b796-c40779f245a7,12/14/2024,12/31/2024,iPhone 14 Pro,Apple,128GB,White,iOS,1065,39,41535,Online,Cash,27,26-33,Male,India,Jaipur,26.9124,75.7873
cb4d7c5f-824b-4bae-8061-1ee9343d7327,12/15/2024,12/31/2024,Pixel 9 Pro,Google,64GB,White,Android,1013,29,29377,Partner,Cash,50,50-57,Other,India,Mumbai,19.076,72.8777
58bebb33-c6cf-47e0-9ad7-156735a68caf,12/16/2024,12/31/2024,Pixel 9,Google,256GB,White,Android,735,28,20580,Partner,Credit Card,38,34-41,Male,Turkey,Antalya,36.8969,30.7133
d857b3cb-d28c-451e-9ad1-0aed07d6b5ad,12/17/2024,12/31/2024,OnePlus 12 Pro,OnePlus,64GB,Red,Android,802,13,10426,Online,EMI,36,34-41,Male,Bangladesh,Rajshahi,24.3745,88.6042
797876a4-bc06-44d0-8bac-d5123fb72501,12/18/2024,12/31/2024,Pixel 9 Pro,Google,256GB,White,Android,1029,95,97755,Retail Store,EMI,36,34-41,Male,Turkey,Bursa,40.1828,29.0665
07097620-54aa-4e73-9024-c51380f3deca,12/19/2024,12/31/2024,OnePlus Nord 4,OnePlus,256GB,Black,Android,534,55,29370,Online,Cash,33,26-33,Female,Turkey,Ankara,39.9334,32.8597
60cf0698-9cbf-4d7e-b7c5-0edb4fa6cf42,12/20/2024,12/31/2024,Galaxy S25 Ultra,Samsung,256GB,Green,Android,1260,66,83160,Retail Store,Cash,32,26-33,Female,India,Mumbai,19.076,72.8777
3f591e8b-fd26-4d8e-9556-2ce32355437e,12/21/2024,12/31/2024,Galaxy S25 Ultra,Samsung,256GB,Green,Android,1211,85,102935,Online,Credit Card,47,42-49,Female,India,Pune,18.5204,73.8567
9bb46792-867e-42a4-8fa8-e5a9fcd85d68,12/22/2024,12/31/2024,OnePlus Nord 4,OnePlus,64GB,White,Android,564,36,20304,Partner,EMI,20,18-25,Female,India,Lucknow,26.8467,80.9462
a1dae876-8ee4-4d2e-ac91-35d2536426cf,12/23/2024,12/31/2024,iPhone 15,Apple,256GB,Red,iOS,852,65,55380,Online,Cash,35,34-41,Female,India,Lucknow,26.8467,80.9462
8eb5f50a-b99c-41d8-85b0-cbe79295764c,12/24/2024,12/31/2024,Poco X6 Pro,Xiaomi,256GB,Green,Android,376,49,18424,Retail Store,EMI,38,34-41,Female,Bangladesh,Chittagong,22.3569,91.7832
70e0ce1a-e29b-4077-b397-a30a04d23eb9,12/25/2024,12/31/2024,Xiaomi 14 Ultra,Xiaomi,128GB,Green,Android,804,94,75576,Online,EMI,33,26-33,Female,Bangladesh,Khulna,22.8456,89.5403
0573f325-9457-4657-a7c4-447a19d93f99,12/26/2024,12/31/2024,iPhone 14 Pro,Apple,128GB,Blue,iOS,1097,3,3291,Online,Cash,43,42-49,Male,Turkey,Bursa,40.1828,29.0665
999884f1-17c1-4366-a5e3-8c63f28673dc,12/27/2024,12/31/2024,OnePlus 12 Pro,OnePlus,256GB,Blue,Android,829,21,17409,Online,EMI,19,18-25,Female,India,Lucknow,26.8467,80.9462
34a118c4-60d2-4450-8bc1-0c8435adabeb,12/28/2024,12/31/2024,Pixel 8a,Google,64GB,Blue,Android,539,18,9702,Online,EMI,44,42-49,Female,Turkey,Izmir,38.4192,27.1287
f26a4e4f-7e9e-481e-a594-fede2d967ec5,12/29/2024,12/31/2024,iPhone 14,Apple,64GB,Blue,iOS,884,29,25636,Retail Store,Cash,37,34-41,Female,India,Ahmedabad,23.0225,72.5714
aa4eddb8-b9a3-4f56-89f3-964b0d417867,12/30/2024,12/31/2024,iPhone 15,Apple,256GB,Black,iOS,877,88,77176,Retail Store,EMI,61,58-65,Male,Turkey,Bursa,40.1828,29.0665
857e8ec4-6502-4ef5-b95c-c4f249ed055a,12/31/2024,12/31/2024,Galaxy S25 Ultra,Samsung,128GB,Red,Android,1242,97,120474,Retail Store,Cash,20,18-25,Male,Turkey,Izmir,38.4192,27.1287
